@incollection{dominio14features
year={2014},
isbn={978-3-319-08650-7},
booktitle={Computer Vision and Machine Learning with RGB-D Sensors},
series={Advances in Computer Vision and Pattern Recognition},
editor={Shao, Ling and Han, Jungong and Kohli, Pushmeet and Zhang, Zhengyou},
doi={10.1007/978-3-319-08651-4_11},
title={Feature Descriptors for Depth-Based Hand Gesture Recognition},
url={http://dx.doi.org/10.1007/978-3-319-08651-4_11},
publisher={Springer International Publishing},
author={Dominio, Fabio and Marin, Giulio and Piazza, Mauro and Zanuttigh, Pietro},
pages={215-237},
language={English}}
