@article{agresti18fusion,
title = "Stereo and ToF Data Fusion by Learning from Synthetic Data",
journal = "Information Fusion",
year = "2018",
issn = "1566-2535",
doi = "https://doi.org/10.1016/j.inffus.2018.11.006",
url = "http://www.sciencedirect.com/science/article/pii/S1566253517307789",
author = "Gianluca Agresti and Ludovico Minto and Giulio Marin and Pietro Zanuttigh",
keywords = "Sensor Fusion, Stereo, Time-of-Flight, Deep Learning"
}
