@article{marin15gesture,
year={2015},
issn={1380-7501},
journal={Multimedia Tools and Applications},
doi={10.1007/s11042-015-2451-6},
title={Hand gesture recognition with jointly calibrated Leap Motion and depth sensor},
url={http://dx.doi.org/10.1007/s11042-015-2451-6},
publisher={Springer US},
keywords={Depth; Gesture recognition; Calibration; Kinect; Leap Motion; SVM},
author={Marin, Giulio and Dominio, Fabio and Zanuttigh, Pietro},
pages={1-25},
language={English}
}
