@article{marin11triennale,
year={2011},
journal={Laurea Triennale in Information Engineering},
title={Modelli deformabili della mano a partire da dati acquisiti tramite laser scanner},
author={Marin, Giulio},
language={Italian}
}
