@article{marin13magistrale,
year={2013},
journal={Laurea Magistrale in Telecommunications Engineering},
title={Confidence Estimation of ToF and Stereo Data for 3D Data Fusion},
author={Marin, Giulio},
language={English}
}
