@phdthesis{marin17phd,
	Author = {Marin, Giulio},
	Date-Modified = {2017-01-31 19:00:50 +0000},
	Language = {English},
	School = {Ph.D. School of Information Engineering, University of Padova, Italy},
	Title = {3D data fusion from multiple sensors and its applications},
	Year = {2017}}
