@BOOK{zanuttigh16depthcameras,
 author = {Zanuttigh, Pietro and Marin, Giulio and {Dal Mutto}, Carlo and Dominio, Fabio and Minto, Ludovico and Cortelazzo, Guido Maria},
 title = {Time-of-Flight and Structured Light Depth Cameras: Technology and Applications},
 publisher = {Springer International Publishing},
 year = {2016},
 edition = 1,
 isbn = {978-3-319-30971-2},
 numpages = {255},
 url = {http://www.springer.com/book/9783319309712},
 doi = {10.1007/978-3-319-30973-6}
}
