@inproceedings{agresti17deepfusion,
	author = {Agresti, Gianluca and Minto , Ludovico and Marin, Giulio and Zanuttigh, Pietro},
	booktitle = {ICCV 2017 Workshop: 3D Reconstruction meets Semantics},
	title = {Deep Learning for Confidence Information in Stereo and ToF Data Fusion},
	year = {2017}}
