@INPROCEEDINGS{dominio13recognition,
 author = {Dominio, Fabio and Donadeo, Mauro and Marin, Giulio and Zanuttigh, Pietro and Cortelazzo, Guido Maria},
 title = {Hand Gesture Recognition with Depth Data},
 booktitle = {Proceedings of the 4th ACM/IEEE International Workshop on Analysis and Retrieval of Tracked Events and Motion in Imagery Stream},
 series = {ARTEMIS '13},
 year = {2013},
 isbn = {978-1-4503-2393-2},
 location = {Barcelona, Spain},
 pages = {9--16},
 numpages = {8},
 url = {http://doi.acm.org/10.1145/2510650.2510651},
 doi = {10.1145/2510650.2510651},
 acmid = {2510651},
 publisher = {ACM},
 address = {New York, NY, USA},
 keywords = {depth, gesture recognition, kinect, svm}
}
