@INPROCEEDINGS{marin16fusionconfidence,
author={Marin, Giulio and Zanuttigh, Pietro and Mattoccia, Stefano},
booktitle={European Conference on Computer Vision (ECCV)},
title={Reliable Fusion of ToF and Stereo Depth Driven by Confidence Measures},
year={2016}}
