@INPROCEEDINGS{marin13palm,
author={Marin, Giulio and Fraccaro, Marco and Donadeo, Mauro and Dominio, Fabio and Zanuttigh, Pietro},
booktitle={Multimedia Signal Processing, 2013 15th IEEE International Workshop on},
title={Palm area detection for reliable hand gesture recognition},
year={2013},
month={September}}
