@INPROCEEDINGS{marin14gesture,
author={Marin, Giulio and Dominio, Fabio and Zanuttigh, Pietro},
booktitle={Image Processing (ICIP), 2014 IEEE International Conference on},
title={Hand gesture recognition with leap motion and kinect devices},
year={2014},
pages={1565-1569},
keywords={gesture recognition;image classification;palmprint recognition;support vector machines;American manual alphabet;Kinect device;Leap Motion;acquisition device;ad-hoc feature set;fingertip orientation;hand gesture recognition scheme;hand pose;multiclass SVM classifier;support vector machine;Accuracy;Data mining;Feature extraction;Gesture recognition;Performance evaluation;Support vector machines;Three-dimensional displays;Depth;Gesture Recognition;Kinect;Leap Motion;SVM},
doi={10.1109/ICIP.2014.7025313},
month={Oct}}
