@INPROCEEDINGS{minto15identification,
author={Minto, Ludovico and Marin, Giulio and Zanuttigh, Pietro},
booktitle={Automatic Face and Gesture Recognition (FG), 2015 11th IEEE International Conference and Workshops on},
title={3D hand shape analysis for palm and fingers identification},
year={2015},
volume={07},
pages={1-6},
keywords={feature extraction;fingerprint identification;linear programming;pattern clustering;3D hand shape analysis;density-based clustering;finger extraction;finger identification;linear programming;palm extraction;palm identification;tubular shape;Cameras;Estimation;Image color analysis;Shape;Three-dimensional displays;Thumb},
doi={10.1109/FG.2015.7284879},
month={May}}
