@INPROCEEDINGS{pozzato14interaction,
author={Pozzato Gabriele and Michieletto Stefano and Menegatti Emanuele and Dominio Fabio and Marin Giulio and Minto Ludovico and Milani Simone and Zanuttigh Pietro},
booktitle={Real Time Gesture Recognition for Human-Robot Interaction, 2014 Workshop on},
title={Human-Robot Interaction with Depth-Based Gesture Recognition},
year={2014},
month={July}}
