@book{marin19dib,
	Author = {Marin, Giulio and Agresti, Gianluca and Minto, Ludovico and Zanuttigh, Pietro},
	Doi = {10.1016/j.dib.2019.104619},
	Publisher = {Elsevier},
	Series = {Data in Brief},
	Title = {A multi-camera dataset for depth estimation in an indoor scenario},
	Url = {https://doi.org/10.1016/j.dib.2019.104619},
	Year = {2019}
}
